@book{math,
	title={Математика в машинном обучении},
	author={Дайзенрот~Марк~Питер and Альдо~Фейзал~А. and Чен~Сунь~Он},
	year={2025},
	publisher={Питер},
	isbn={978-5-4461-1788-8},
	pages={512}
}

@article{my,
	title={Определение закона распределения уровня сигнала в беспроводных сетях и констант для расчёта расстояния между узлами},
	author={А.М. Сапожков},
	journal={Математические методы в технологиях и технике},
	number={1},
	year={2025},
	issn={2712-8873},
	pages={42-49}
}

@book{plm,
	title={Inclusive Radio Communications for 5G and Beyond},
	author={Oestges, C. and Quitin, F.},
	publisher={Academic Press},
	year={2021},
	issn={2712-8873},
	pages={221-252},
	isbn={9780128205822}
}

@book{net,
	title={Компьютерные сети},
	author={Таненбаум, Э. and Фимстер, Н. and Уэзеролл, Д.},
	year={2023},
	publisher={Питер},
	pages={992}
}

@article{dempster,
	title={Maximum Likelihood from Incomplete Data via the EM Algorithm},
	author={Dempster, Arthur P. and Laird, Nan M. and Rubin, Donald B.},
	journal={Journal of the Royal Statistical Society},
	number={39(1)},
	year={1977},
	pages={1-38}
}

@article{neal,
	title={A View of the EM Algorithm that	Justifies Incremental, Sparse, and Other Variants},
	author={Neal, Radford M., and Hinton, Geoffrey E.},
	journal={Learning in Graphical Models},
	publisher={MIT Press},
	year={1999},
	pages={355-368}
}

@article{rosenblatt,
	title={Remarks on Some Nonparametric Estimates of a Density Function},
	author={Neal, Radford M. and Hinton, Geoffrey E.},
	journal={Annals of Mathematical Statistics},
	number={27(3)},
	year={1956},
	pages={832–837}
}

@article{parzen,
	title={On Estimation of a Probability Density Function and Mode},
	author={Parzen, Emanuel},
	journal={Annals of Mathematical Statistics},
	number={33(3)},
	year={1962},
	pages={1065–1076}
}

@book{bishop,
	title={Pattern Recognition and Machine Learning},
	author={Bishop, Christopher M.},
	year={2006},
	publisher={Springer}
}

@book{rogers,
	title={A First Course in Machine Learning},
	author={Rogers, Simon and Girolami, Mark},
	year={2016},
	publisher={Chapman and Hall/CRC}
}
